<collection xmlns="http://www.loc.gov/MARC21/slim">
<record>
  <leader>01431nam0a22002531i 450 </leader>
  <controlfield tag="001">IT\ICCU\CNCE\032717</controlfield>
  <controlfield tag="005">20140410000000.0</controlfield>
  <datafield tag="012" ind1=" " ind2=" ">
    <subfield code="a">noia iano a.n. rere (C) 1528 (Q)</subfield>
    <subfield code="2">fei</subfield>
  </datafield>
  <datafield tag="100" ind1=" " ind2=" ">
    <subfield code="a">19971215f1528        0itac0103    ba</subfield>
  </datafield>
  <datafield tag="101" ind1=" " ind2=" ">
    <subfield code="a">ITA</subfield>
  </datafield>
  <datafield tag="102" ind1=" " ind2=" ">
    <subfield code="a">IT</subfield>
  </datafield>
  <datafield tag="200" ind1="1" ind2=" ">
    <subfield code="a">Questa e una opereta nouamente composta la qual trata com el conte Filipino con otto galere del nobile Andrea Doria com ha roto l&apos;armata de Napoli le quale erano tra le galere fuste bergantini e barche numero de uinti quattro ouinti sei armate e bene imponto de homini ualentissimi e grosa artegliaria e altre cose che fan mestieri como intenderete legendo la presente opera la qual dice cos</subfield>
  </datafield>
  <datafield tag="210" ind1=" " ind2=" ">
    <subfield code="d">\1528?!</subfield>
  </datafield>
  <datafield tag="215" ind1=" " ind2=" ">
    <subfield code="a">\4! c.</subfield>
    <subfield code="c">ill.</subfield>
    <subfield code="d">4ʻ</subfield>
  </datafield>
  <datafield tag="300" ind1=" " ind2=" ">
    <subfield code="a">Stampata a Savona da Giuseppe Berruerio. Per il tipografo, la data presunta e l&apos;autore cfr. L.C. Bollea, Una miscellanea cinquecentesca ed un poeta piemontese, p. 159, n. III</subfield>
  </datafield>
  <datafield tag="620" ind1=" " ind2=" ">
    <subfield code="a">IT</subfield>
    <subfield code="d">Savona</subfield>
  </datafield>
  <datafield tag="700" ind1=" " ind2="1">
    <subfield code="a">Litta,</subfield>
    <subfield code="b">Simone</subfield>
    <subfield code="3">IT\ICCU\CNCA\009289</subfield>
  </datafield>
  <datafield tag="712" ind1="0" ind2="0">
    <subfield code="a">Berruerio, Giuseppe</subfield>
    <subfield code="3">IT\ICCU\CNCT\000388</subfield>
    <subfield code="4">650</subfield>
  </datafield>
  <datafield tag="790" ind1=" " ind2="0">
    <subfield code="a">Simone</subfield>
    <subfield code="c"> : da#Milano</subfield>
    <subfield code="3">IT\ICCU\CNCA\026142</subfield>
    <subfield code="z">Litta, Simone</subfield>
  </datafield>
  <datafield tag="791" ind1="0" ind2="0">
    <subfield code="a">Berrueris, Iosephus de</subfield>
    <subfield code="3">IT\ICCU\CNCT\004348</subfield>
    <subfield code="z">Berruerio, Giuseppe</subfield>
  </datafield>
  <datafield tag="791" ind1="0" ind2="0">
    <subfield code="a">Berrueri, Ioseph</subfield>
    <subfield code="3">IT\ICCU\CNCT\004349</subfield>
    <subfield code="z">Berruerio, Giuseppe</subfield>
  </datafield>
  <datafield tag="791" ind1="0" ind2="0">
    <subfield code="a">Berruerius, Iosephus</subfield>
    <subfield code="3">IT\ICCU\CNCT\004350</subfield>
    <subfield code="z">Berruerio, Giuseppe</subfield>
  </datafield>
  <datafield tag="801" ind1=" " ind2="3">
    <subfield code="a">IT</subfield>
    <subfield code="b">ICCU</subfield>
    <subfield code="c">20201114</subfield>
  </datafield>
  <datafield tag="899" ind1=" " ind2=" ">
    <subfield code="a">Biblioteca Reale. Torino</subfield>
    <subfield code="1">TO0263</subfield>
    <subfield code="2">TO0 07</subfield>
  </datafield>
</record>
</collection>
